@article{example,
  author = {Author, A.},
  year = {2021},
  title = {Title of the Article},
  journal = {Journal Name},
  volume = {1},
  number = {1},
  pages = {1-2},
}